<record><leader>00000cas a22000007a 4500</leader><controlfield tag="001">11162695</controlfield><controlfield tag="008">840917d18741903iaucr ne      0    0eng d</controlfield><datafield ind1=" " ind2=" " tag="010"><subfield code="a">sn 84038087 </subfield></datafield><datafield ind1=" " ind2=" " tag="040"><subfield code="a">NPX</subfield><subfield code="b">eng</subfield><subfield code="c">NPX</subfield><subfield code="d">INP</subfield><subfield code="d">OCLCQ</subfield></datafield><datafield ind1=" " ind2=" " tag="042"><subfield code="a">msc</subfield></datafield><datafield ind1="0" ind2=" " tag="130"><subfield code="a">Creston gazette (Creston, Iowa : 1874)</subfield></datafield><datafield ind1="1" ind2="0" tag="245"><subfield code="a">Creston gazette.</subfield></datafield><datafield ind1="1" ind2="3" tag="246"><subfield code="a">Creston weekly gazette</subfield><subfield code="f">&lt;Oct. 13, 1875&gt;</subfield></datafield><datafield ind1="1" ind2="3" tag="246"><subfield code="a">Weekly gazette</subfield><subfield code="f">&lt;Jan. 15, 1885-Dec. 29, 1887&gt;</subfield></datafield><datafield ind1="1" ind2="3" tag="246"><subfield code="a">Gazette</subfield><subfield code="f">July 14, 1898-June 30, 1903</subfield></datafield><datafield ind1=" " ind2=" " tag="260"><subfield code="a">Creston, Iowa :</subfield><subfield code="b">[s.n.],</subfield><subfield code="c">-1903.</subfield></datafield><datafield ind1=" " ind2=" " tag="300"><subfield code="a">v. :</subfield><subfield code="b">ill. ;</subfield><subfield code="c">53-59 cm.</subfield></datafield><datafield ind1=" " ind2=" " tag="310"><subfield code="a">Semiweekly,</subfield><subfield code="b">&lt;Feb. 12, 1901&gt;-Dec. 1, 1903</subfield></datafield><datafield ind1=" " ind2=" " tag="321"><subfield code="a">Weekly,</subfield><subfield code="b">&lt;Oct. 13, 1875&gt;-Sept. 27, 1900</subfield></datafield><datafield ind1=" " ind2=" " tag="321"><subfield code="a">Triweekly,</subfield><subfield code="b">Oct. 2, 1900-&lt;Feb. 2, 1901&gt;</subfield></datafield><datafield ind1="1" ind2=" " tag="362"><subfield code="a">Began in 1874?</subfield><subfield code="z">Cf. Bibl. of Iowa newspapers.</subfield></datafield><datafield ind1="0" ind2=" " tag="362"><subfield code="a">-34th year, no. 2 (Dec. 1, 1903).</subfield></datafield><datafield ind1=" " ind2=" " tag="500"><subfield code="a">Includes occasional special issues.</subfield></datafield><datafield ind1=" " ind2=" " tag="500"><subfield code="a">Publishers: Gazette Print. Co., &lt;Aug. 6, 1879&gt;; J.B. Harsh, &lt;Jan. 15, 1885-Dec. 29, 1887&gt;; Gazette Pub. Co., May 20-Sept. 16, 1902; Creston Gazette Co., Sept. 19, 1902-&lt;June 30, 1903&gt;.</subfield></datafield><datafield ind1=" " ind2=" " tag="500"><subfield code="a">Official paper of Union County.</subfield></datafield><datafield ind1=" " ind2=" " tag="500"><subfield code="a">"Weekly" appears above title ornament, &lt;Oct. 13, 1875&gt;.</subfield></datafield><datafield ind1=" " ind2=" " tag="500"><subfield code="a">Editors: C.M. Shultz, &lt;1875&gt;; S.S. Harris, May 20-June 20, 1902.</subfield></datafield><datafield ind1=" " ind2=" " tag="515"><subfield code="a">&lt;Vol. 11, no. 29 (Jan. 15, 1885)&gt;- called also whole no. &lt;602&gt;-</subfield></datafield><datafield ind1=" " ind2=" " tag="515"><subfield code="a">Triweekly issues for Oct. 2-6, 1900- numbered v. 29, parts 1-3, no. 11-, respectively.</subfield></datafield><datafield ind1=" " ind2=" " tag="515"><subfield code="a">Vol. 32 and 33 omitted in numbering; other occasional errors in numbering.</subfield></datafield><datafield ind1=" " ind2=" " tag="525"><subfield code="a">Includes occasional supplements.</subfield></datafield><datafield ind1=" " ind2=" " tag="588"><subfield code="a">Description based on: Vol. 2, no. 16 (Oct. 13, 1875).</subfield></datafield><datafield ind1=" " ind2=" " tag="752"><subfield code="a">United States</subfield><subfield code="b">Iowa</subfield><subfield code="c">Union</subfield><subfield code="d">Creston.</subfield></datafield><datafield ind1="0" ind2=" " tag="775"><subfield code="t">Creston daily gazette</subfield><subfield code="w">(DLC)sn 86060074</subfield><subfield code="g">&lt;July 13, 1885-Sept. 21, 1901&gt;</subfield></datafield><datafield ind1="0" ind2="5" tag="780"><subfield code="t">Republic (Creston, Iowa)</subfield></datafield><datafield ind1="0" ind2="7" tag="785"><subfield code="t">Creston semi-weekly advertiser (Creston, Iowa : 1897)</subfield><subfield code="w">(DLC)sn 86060080</subfield></datafield><datafield ind1="0" ind2="7" tag="785"><subfield code="t">Creston semi-weekly advertiser-gazette</subfield><subfield code="w">(DLC)sn 86060073</subfield></datafield><datafield ind1="1" ind2=" " tag="029"><subfield code="a">AU@</subfield><subfield code="b">000023435108</subfield></datafield></record>